@Manual{RTCGA,
  title = {RTCGA: The Cancer Genome Atlas Data Integration},
  author = {Biecek P., Kosi≈Ñski M.},
  year = {2015},
  note = {R package version 1.1.10},
  url{}
}

@Manual{survMisc,
  title = {survMisc: Miscellaneous Functions for Survival Data},
  author = {Dardis C.},
  year = {2015},
  note = {R package version 0.4.6},
  url{}
}

@article{Shiny,
  title = {shiny: Web Application Framework for R},
  author = {Allaire J., Chang W., Cheng J., McPherson J., Xie J.},
  year = {2015},
  note = {R package version 0.12.2},
  url{}
}
